<?xml version="1.0" encoding="UTF-8"?><collection xmlns="http://www.loc.gov/MARC21/slim"><record><leader>00529nam--2200193-i-4500</leader><controlfield tag="001">000050103</controlfield><controlfield tag="002">20161230</controlfield><controlfield tag="005">20161230201048</controlfield><controlfield tag="008">060222s1000------------r-----000-0-rus-d</controlfield><datafield ind1=" " ind2=" " tag="040"><subfield code="a">IFIN-HH</subfield></datafield><datafield ind1=" " ind2=" " tag="041"><subfield code="a">rus</subfield></datafield><datafield ind1=" " ind2=" " tag="080"><subfield code="a">539.194</subfield></datafield><datafield ind1="1" ind2=" " tag="100"><subfield code="a">Kuzmenko, N.E</subfield></datafield><datafield ind1="1" ind2="0" tag="245"><subfield code="a">Faktori franka-kondona dvuhatomih molekul</subfield><subfield code="c">N.e. kuzmenko, l.a. kuznetova, yu.ia. kuziakov</subfield></datafield><datafield ind1=" " ind2=" " tag="260"><subfield code="a">Moskva</subfield><subfield code="b">Moskovskogo Universiteta</subfield><subfield code="c">1984</subfield></datafield><datafield ind1=" " ind2=" " tag="300"><subfield code="a">342P</subfield></datafield><datafield ind1="1" ind2=" " tag="700"><subfield code="a">Kuziakov, Yu.Ia</subfield></datafield><datafield ind1=" " ind2=" " tag="852"><subfield code="a">72379</subfield><subfield code="c">539.19</subfield></datafield><datafield ind1=" " ind2=" " tag="CAT"><subfield code="a">Sys</subfield><subfield code="c">20120717</subfield><subfield code="h">154532</subfield></datafield></record></collection>